 @misc{guia_lab, 
    title={Guia de Laboratório},
    year={2022}
} 


@BOOK{haykin_moher_2007, 
    place={Hoboken, NJ}, 
    title={Introduction to Analog and Digital Communications}, 
    publisher={Wiley}, 
    author={Haykin, Simon S. and Moher, Michael}, 
    year={2007}
} 

@BOOK{haykin_2013, 
    place={New York}, 
    title={Digital Communications}, 
    publisher={Wiley}, 
    author={Haykin, Simon}, 
    year={2013}
} 

@BOOK{benedetto_biglieri_2002, 
    place={Boston, MA}, 
    title={Principles of Digital Transmission: With wireless applications}, 
    publisher={Springer US}, 
    author={Benedetto, Sergio and Biglieri, Ezio}, 
    year={2002}
} 

@BOOK{haykin_2014, 
    place={Upper Saddle River}, 
    title={Adaptive Filter Theory}, 
    publisher={Pearson Education}, 
    author={Haykin, Simon S.}, 
    year={2014}
} 

@ARTICLE{Rodriguez2008-ix,
  title     = "Sampling frequencies ratio estimation and symbol timing recovery
               for baseband binary Pulse Amplitude Modulation",
  author    = "Rodriguez, Ana A Paniagua",
  publisher = "Utah State University",
  year      =  2008
}

@misc{igor, title={{Symbol timing synchronization: A tutorial - Igor Freire: EE ph.D..}}, url={https://igorfreire.com.br/2016/10/15/symbol-timing-synchronization-tutorial/}, journal={Igor Freire | EE Ph.D.}, year={2021}, month={Sep}}

@misc{gnuradio_1AD, title={{Symbol Clock Recovery and improved symbol synchronization blocks· GNU Radio}}, url={https://www.gnuradio.org/grcon/grcon17/presentations/symbol_clock_recovery_and_improved_symbol_synchronization_blocks/}, journal={GNU Radio}, year={1AD}, month={Jan}}

@misc{eeict_2005, title={{Bakalsk projekty}}, url={https://www.fekt.vut.cz/conf/EEICT/archiv/sborniky/EEICT_2005_sbornik/01-Bakalarske_projekty/07-Informacni_systemy/index.html}, journal={EEICT 2005}}

@misc{guided_tutorial_psk_demodulation-gnuradio, title={{Guided tutorial PSK demodulation}}, url={https://wiki.gnuradio.org/index.php/Guided_Tutorial_PSK_Demodulation}, journal={Guided Tutorial PSK Demodulation - GNU Radio}}

@misc{ni, title={{Pulse Shaping \& Filtering in Communications Systems}}, url={https://www.ni.com/pt-pt/innovations/white-papers/06/pulse-shape-filtering-in-communications-systems.html}, journal={NI}}

@misc{pysdr, title={{A guide to SDR and DSP using python}}, url={https://pysdr.org/content/pulse_shaping.html}, journal={PySDR}} 

@misc{channelmodel-gnuradio, title={Channel model}, url={https://wiki.gnuradio.org/index.php/Channel_Model}, journal={Channel Model - GNU Radio}, year=2022} 

@misc{symbolsync-gnuradio, title={Symbol sync}, url={https://wiki.gnuradio.org/index.php/Symbol_Sync}, journal={Symbol Sync - GNU Radio}, year=2022}

@misc{constellationobject-gnuradio, title={Constellation object}, url={https://wiki.gnuradio.org/index.php/Constellation_Object}, journal={Constellation Object - GNU Radio}, year=2022} 

@misc{constellationmodulator-gnuradio, title={{Constellation Modulator}}, url={https://wiki.gnuradio.org/index.php/Constellation_Modulator}, journal={Constellation Modulator - GNU Radio}, year=2022} 

@misc{binaryslicer-gnuradio, title={Binary slicer}, url={https://wiki.gnuradio.org/index.php/Binary_Slicer}, journal={Binary Slicer - GNU Radio}, year=2022} 

@misc{mathuranathan_2020, title={Complex baseband equivalent models}, url={https://www.gaussianwaves.com/2017/10/complex-baseband-equivalent-models/}, journal={GaussianWaves}, author={Mathuranathan}, year={2020}, month={Nov}} 

@misc{avi1987, title={Loop bandwidth for symbol timing recovery}, url={https://dsp.stackexchange.com/questions/31170/loop-bandwidth-for-symbol-timing-recovery/31186#31186}, journal={Signal Processing Stack Exchange}, author={avi1987 and Dan BoschenDan Boschen}, year={1963}, month={Aug}} 

@misc{dsp, title={{"BPSK and QPSK have identical BER curve ?"}}, url={https://www.dsprelated.com/showthread/comp.dsp/53352-1.php}, journal={DSP}} 

@misc{jstraughjstraugh, 
    title={{"Do BPSK vs QPSK have the same performance?"}}, 
    url={https://dsp.stackexchange.com/questions/79490/do-bpsk-vs-qpsk-have-the-same-performance}, 
    journal={Signal Processing Stack Exchange}, 
    author={jstraughjstraugh, MBazMBaz, Dan BoschenDan Boschen and Ng PhNg Ph}, 
    year={2022}
}